@Article{Chom56 ,
author = {Chomsky , N . } ,
title = {Three models fo r the description of language } ,
journal = {Transac . on Information Theory } ,
year = 1956 ,
volume = 2 ,
pages = {113−124}}
@TechReport{Kan93 ,
author = {Kantrowitz , M . } ,
title = {Biblio . of Research in
Natural Language Generation } ,
institution = {Carnegie Mellon University } ,
year = 1993 ,
number = {CMU−CS−93−216},
month = {November}}