@misc{WikiDom,
	author = {Wiki contributors},
    title = {{Wiki for dominion strategy}},
   	howpublished = {\url{<http://wiki.dominionstrategy.com/index.php/Main_Page>}},
    year = 2016,
    note = "[Online; accessed 05-April-2016]"
    }

@book{Han12,
	author = {Han, Jiawei},
    title = {Data mining: concepts and techniques},
    year = {2012},
    publisher = {Elsevier}
}

@misc{Gli99,
	author = {Glickman Mark E.},
    title = {Rating the Chess Rating System},
   	howpublished = {\url{<http://www.glicko.net/research/chance.pdf>}},
    year = 1999,
    note = "[Online; accessed 05-April-2016]"
}